%YAML 1.1
%TAG !u! tag:unity3d.com,2011:
--- !u!29 &1
OcclusionCullingSettings:
  m_ObjectHideFlags: 0
  serializedVersion: 2
  m_OcclusionBakeSettings:
    smallestOccluder: 5
    smallestHole: 0.25
    backfaceThreshold: 100
  m_SceneGUID: 00000000000000000000000000000000
  m_OcclusionCullingData: {fileID: 0}
--- !u!104 &2
RenderSettings:
  m_ObjectHideFlags: 0
  serializedVersion: 9
  m_Fog: 0
  m_FogColor: {r: 0.5, g: 0.5, b: 0.5, a: 1}
  m_FogMode: 3
  m_FogDensity: 0.01
  m_LinearFogStart: 0
  m_LinearFogEnd: 300
  m_AmbientSkyColor: {r: 0.212, g: 0.227, b: 0.259, a: 1}
  m_AmbientEquatorColor: {r: 0.114, g: 0.125, b: 0.133, a: 1}
  m_AmbientGroundColor: {r: 0.047, g: 0.043, b: 0.035, a: 1}
  m_AmbientIntensity: 1
  m_AmbientMode: 0
  m_SubtractiveShadowColor: {r: 0.42, g: 0.478, b: 0.627, a: 1}
  m_SkyboxMaterial: {fileID: 2100000, guid: b8f20d5ca50d16143afc11f5e4af6fc1, type: 2}
  m_HaloStrength: 0.5
  m_FlareStrength: 1
  m_FlareFadeSpeed: 3
  m_HaloTexture: {fileID: 0}
  m_SpotCookie: {fileID: 10001, guid: 0000000000000000e000000000000000, type: 0}
  m_DefaultReflectionMode: 0
  m_DefaultReflectionResolution: 128
  m_ReflectionBounces: 1
  m_ReflectionIntensity: 1
  m_CustomReflection: {fileID: 0}
  m_Sun: {fileID: 0}
  m_IndirectSpecularColor: {r: 0.30036062, g: 0.25133297, b: 0.20512995, a: 1}
  m_UseRadianceAmbientProbe: 0
--- !u!157 &3
LightmapSettings:
  m_ObjectHideFlags: 0
  serializedVersion: 11
  m_GIWorkflowMode: 0
  m_GISettings:
    serializedVersion: 2
    m_BounceScale: 1
    m_IndirectOutputScale: 1
    m_AlbedoBoost: 1
    m_TemporalCoherenceThreshold: 1
    m_EnvironmentLightingMode: 0
    m_EnableBakedLightmaps: 1
    m_EnableRealtimeLightmaps: 0
  m_LightmapEditorSettings:
    serializedVersion: 10
    m_Resolution: 2
    m_BakeResolution: 10
    m_AtlasSize: 512
    m_AO: 0
    m_AOMaxDistance: 1
    m_CompAOExponent: 1
    m_CompAOExponentDirect: 0
    m_Padding: 2
    m_LightmapParameters: {fileID: 0}
    m_LightmapsBakeMode: 1
    m_TextureCompression: 1
    m_FinalGather: 0
    m_FinalGatherFiltering: 1
    m_FinalGatherRayCount: 256
    m_ReflectionCompression: 2
    m_MixedBakeMode: 2
    m_BakeBackend: 1
    m_PVRSampling: 1
    m_PVRDirectSampleCount: 32
    m_PVRSampleCount: 256
    m_PVRBounces: 2
    m_PVRFilterTypeDirect: 0
    m_PVRFilterTypeIndirect: 0
    m_PVRFilterTypeAO: 0
    m_PVRFilteringMode: 1
    m_PVRCulling: 1
    m_PVRFilteringGaussRadiusDirect: 1
    m_PVRFilteringGaussRadiusIndirect: 5
    m_PVRFilteringGaussRadiusAO: 2
    m_PVRFilteringAtrousPositionSigmaDirect: 0.5
    m_PVRFilteringAtrousPositionSigmaIndirect: 2
    m_PVRFilteringAtrousPositionSigmaAO: 1
    m_ShowResolutionOverlay: 1
  m_LightingDataAsset: {fileID: 0}
  m_UseShadowmask: 1
--- !u!196 &4
NavMeshSettings:
  serializedVersion: 2
  m_ObjectHideFlags: 0
  m_BuildSettings:
    serializedVersion: 2
    agentTypeID: 0
    agentRadius: 0.5
    agentHeight: 2
    agentSlope: 45
    agentClimb: 0.4
    ledgeDropHeight: 0
    maxJumpAcrossDistance: 0
    minRegionArea: 2
    manualCellSize: 0
    cellSize: 0.16666667
    manualTileSize: 0
    tileSize: 256
    accuratePlacement: 0
    debug:
      m_Flags: 0
  m_NavMeshData: {fileID: 0}
--- !u!1 &65108417
GameObject:
  m_ObjectHideFlags: 0
  m_CorrespondingSourceObject: {fileID: 0}
  m_PrefabInternal: {fileID: 0}
  serializedVersion: 6
  m_Component:
  - component: {fileID: 65108418}
  m_Layer: 0
  m_Name: Tilt (5)
  m_TagString: Untagged
  m_Icon: {fileID: 0}
  m_NavMeshLayer: 0
  m_StaticEditorFlags: 0
  m_IsActive: 1
--- !u!4 &65108418
Transform:
  m_ObjectHideFlags: 0
  m_CorrespondingSourceObject: {fileID: 0}
  m_PrefabInternal: {fileID: 0}
  m_GameObject: {fileID: 65108417}
  m_LocalRotation: {x: 0, y: -0, z: 0.25881916, w: -0.9659258}
  m_LocalPosition: {x: 0, y: 0, z: 0}
  m_LocalScale: {x: 1.0000004, y: 1, z: 1.0000007}
  m_Children:
  - {fileID: 503585166}
  m_Father: {fileID: 1919720708}
  m_RootOrder: 6
  m_LocalEulerAnglesHint: {x: 0, y: 0, z: 330}
--- !u!1 &170076733
GameObject:
  m_ObjectHideFlags: 0
  m_CorrespondingSourceObject: {fileID: 0}
  m_PrefabInternal: {fileID: 0}
  serializedVersion: 6
  m_Component:
  - component: {fileID: 170076735}
  - component: {fileID: 170076734}
  m_Layer: 0
  m_Name: Directional Light
  m_TagString: Untagged
  m_Icon: {fileID: 0}
  m_NavMeshLayer: 0
  m_StaticEditorFlags: 0
  m_IsActive: 0
--- !u!108 &170076734
Light:
  m_ObjectHideFlags: 0
  m_CorrespondingSourceObject: {fileID: 0}
  m_PrefabInternal: {fileID: 0}
  m_GameObject: {fileID: 170076733}
  m_Enabled: 1
  serializedVersion: 8
  m_Type: 1
  m_Color: {r: 1, g: 0.95686275, b: 0.8392157, a: 1}
  m_Intensity: 1
  m_Range: 10
  m_SpotAngle: 30
  m_CookieSize: 10
  m_Shadows:
    m_Type: 2
    m_Resolution: -1
    m_CustomResolution: -1
    m_Strength: 1
    m_Bias: 0.05
    m_NormalBias: 0.4
    m_NearPlane: 0.2
  m_Cookie: {fileID: 0}
  m_DrawHalo: 0
  m_Flare: {fileID: 0}
  m_RenderMode: 0
  m_CullingMask:
    serializedVersion: 2
    m_Bits: 4294967295
  m_Lightmapping: 1
  m_LightShadowCasterMode: 0
  m_AreaSize: {x: 1, y: 1}
  m_BounceIntensity: 1
  m_ColorTemperature: 6570
  m_UseColorTemperature: 0
  m_ShadowRadius: 0
  m_ShadowAngle: 0
--- !u!4 &170076735
Transform:
  m_ObjectHideFlags: 0
  m_CorrespondingSourceObject: {fileID: 0}
  m_PrefabInternal: {fileID: 0}
  m_GameObject: {fileID: 170076733}
  m_LocalRotation: {x: 0.40821788, y: -0.23456968, z: 0.10938163, w: 0.8754261}
  m_LocalPosition: {x: 0, y: 3, z: 0}
  m_LocalScale: {x: 1, y: 1, z: 1}
  m_Children: []
  m_Father: {fileID: 0}
  m_RootOrder: 1
  m_LocalEulerAnglesHint: {x: 50, y: -30, z: 0}
--- !u!1 &368493281
GameObject:
  m_ObjectHideFlags: 0
  m_CorrespondingSourceObject: {fileID: 1001134124408482, guid: b3ac6a3a58bcabe4583945f004f697ee,
    type: 2}
  m_PrefabInternal: {fileID: 0}
  serializedVersion: 6
  m_Component:
  - component: {fileID: 368493282}
  - component: {fileID: 368493284}
  - component: {fileID: 368493283}
  m_Layer: 0
  m_Name: StarSparrow_Thruster
  m_TagString: Untagged
  m_Icon: {fileID: 0}
  m_NavMeshLayer: 0
  m_StaticEditorFlags: 0
  m_IsActive: 1
--- !u!4 &368493282
Transform:
  m_ObjectHideFlags: 0
  m_CorrespondingSourceObject: {fileID: 4244974919136594, guid: b3ac6a3a58bcabe4583945f004f697ee,
    type: 2}
  m_PrefabInternal: {fileID: 0}
  m_GameObject: {fileID: 368493281}
  m_LocalRotation: {x: 0.000000026309008, y: -0, z: -0, w: 1}
  m_LocalPosition: {x: 0.7, y: 0, z: 0}
  m_LocalScale: {x: 0.24172, y: 0.24172, z: 0.24172}
  m_Children: []
  m_Father: {fileID: 721451428}
  m_RootOrder: 0
  m_LocalEulerAnglesHint: {x: 0, y: 0, z: 0}
--- !u!23 &368493283
MeshRenderer:
  m_ObjectHideFlags: 0
  m_CorrespondingSourceObject: {fileID: 23496469173511382, guid: b3ac6a3a58bcabe4583945f004f697ee,
    type: 2}
  m_PrefabInternal: {fileID: 0}
  m_GameObject: {fileID: 368493281}
  m_Enabled: 1
  m_CastShadows: 1
  m_ReceiveShadows: 1
  m_DynamicOccludee: 1
  m_MotionVectors: 1
  m_LightProbeUsage: 1
  m_ReflectionProbeUsage: 1
  m_RenderingLayerMask: 4294967295
  m_Materials:
  - {fileID: 2100000, guid: 786dec18edde8a14289922c9e2d93ccd, type: 2}
  m_StaticBatchInfo:
    firstSubMesh: 0
    subMeshCount: 0
  m_StaticBatchRoot: {fileID: 0}
  m_ProbeAnchor: {fileID: 0}
  m_LightProbeVolumeOverride: {fileID: 0}
  m_ScaleInLightmap: 1
  m_PreserveUVs: 0
  m_IgnoreNormalsForChartDetection: 0
  m_ImportantGI: 0
  m_StitchLightmapSeams: 0
  m_SelectedEditorRenderState: 3
  m_MinimumChartSize: 4
  m_AutoUVMaxDistance: 0.5
  m_AutoUVMaxAngle: 89
  m_LightmapParameters: {fileID: 0}
  m_SortingLayerID: 0
  m_SortingLayer: 0
  m_SortingOrder: 0
--- !u!33 &368493284
MeshFilter:
  m_ObjectHideFlags: 0
  m_CorrespondingSourceObject: {fileID: 33101976143970024, guid: b3ac6a3a58bcabe4583945f004f697ee,
    type: 2}
  m_PrefabInternal: {fileID: 0}
  m_GameObject: {fileID: 368493281}
  m_Mesh: {fileID: 4300014, guid: c9b3d1ee538a9e649acda3363ad265d7, type: 3}
--- !u!1 &503585165
GameObject:
  m_ObjectHideFlags: 0
  m_CorrespondingSourceObject: {fileID: 1700673804762038, guid: b3ac6a3a58bcabe4583945f004f697ee,
    type: 2}
  m_PrefabInternal: {fileID: 0}
  serializedVersion: 6
  m_Component:
  - component: {fileID: 503585166}
  - component: {fileID: 503585167}
  m_Layer: 0
  m_Name: Electron
  m_TagString: Untagged
  m_Icon: {fileID: 0}
  m_NavMeshLayer: 0
  m_StaticEditorFlags: 0
  m_IsActive: 1
--- !u!4 &503585166
Transform:
  m_ObjectHideFlags: 0
  m_CorrespondingSourceObject: {fileID: 4122697397055122, guid: b3ac6a3a58bcabe4583945f004f697ee,
    type: 2}
  m_PrefabInternal: {fileID: 0}
  m_GameObject: {fileID: 503585165}
  m_LocalRotation: {x: -0, y: -0.5000001, z: 0, w: -0.86602527}
  m_LocalPosition: {x: 0, y: 0, z: 0}
  m_LocalScale: {x: 1, y: 1, z: 1}
  m_Children:
  - {fileID: 979503690}
  - {fileID: 1183795142}
  m_Father: {fileID: 65108418}
  m_RootOrder: 0
  m_LocalEulerAnglesHint: {x: 0, y: -300, z: 0}
--- !u!114 &503585167
MonoBehaviour:
  m_ObjectHideFlags: 0
  m_CorrespondingSourceObject: {fileID: 0}
  m_PrefabInternal: {fileID: 0}
  m_GameObject: {fileID: 503585165}
  m_Enabled: 1
  m_EditorHideFlags: 0
  m_Script: {fileID: 11500000, guid: a0540968990a3894fa7013b89a80aa94, type: 3}
  m_Name: 
  m_EditorClassIdentifier: 
  speed: 150
--- !u!1 &534669902
GameObject:
  m_ObjectHideFlags: 0
  m_CorrespondingSourceObject: {fileID: 0}
  m_PrefabInternal: {fileID: 0}
  serializedVersion: 6
  m_Component:
  - component: {fileID: 534669905}
  - component: {fileID: 534669904}
  - component: {fileID: 534669903}
  m_Layer: 0
  m_Name: Main Camera
  m_TagString: Untagged
  m_Icon: {fileID: 0}
  m_NavMeshLayer: 0
  m_StaticEditorFlags: 0
  m_IsActive: 1
--- !u!81 &534669903
AudioListener:
  m_ObjectHideFlags: 0
  m_CorrespondingSourceObject: {fileID: 0}
  m_PrefabInternal: {fileID: 0}
  m_GameObject: {fileID: 534669902}
  m_Enabled: 1
--- !u!20 &534669904
Camera:
  m_ObjectHideFlags: 0
  m_CorrespondingSourceObject: {fileID: 0}
  m_PrefabInternal: {fileID: 0}
  m_GameObject: {fileID: 534669902}
  m_Enabled: 1
  serializedVersion: 2
  m_ClearFlags: 1
  m_BackGroundColor: {r: 0.19215687, g: 0.3019608, b: 0.4745098, a: 0}
  m_projectionMatrixMode: 1
  m_SensorSize: {x: 36, y: 24}
  m_LensShift: {x: 0, y: 0}
  m_FocalLength: 50
  m_NormalizedViewPortRect:
    serializedVersion: 2
    x: 0
    y: 0
    width: 1
    height: 1
  near clip plane: 0.3
  far clip plane: 1000
  field of view: 60
  orthographic: 0
  orthographic size: 5
  m_Depth: -1
  m_CullingMask:
    serializedVersion: 2
    m_Bits: 4294967295
  m_RenderingPath: -1
  m_TargetTexture: {fileID: 0}
  m_TargetDisplay: 0
  m_TargetEye: 3
  m_HDR: 1
  m_AllowMSAA: 1
  m_AllowDynamicResolution: 0
  m_ForceIntoRT: 0
  m_OcclusionCulling: 1
  m_StereoConvergence: 10
  m_StereoSeparation: 0.022
--- !u!4 &534669905
Transform:
  m_ObjectHideFlags: 0
  m_CorrespondingSourceObject: {fileID: 0}
  m_PrefabInternal: {fileID: 0}
  m_GameObject: {fileID: 534669902}
  m_LocalRotation: {x: 0, y: 0.9990291, z: -0, w: -0.044055287}
  m_LocalPosition: {x: 266.36, y: 102.2, z: 383.69}
  m_LocalScale: {x: 1, y: 1, z: 1}
  m_Children: []
  m_Father: {fileID: 0}
  m_RootOrder: 0
  m_LocalEulerAnglesHint: {x: 0, y: 185.05, z: 0}
--- !u!1 &598155891
GameObject:
  m_ObjectHideFlags: 0
  m_CorrespondingSourceObject: {fileID: 0}
  m_PrefabInternal: {fileID: 0}
  serializedVersion: 6
  m_Component:
  - component: {fileID: 598155892}
  m_Layer: 0
  m_Name: Tilt (4)
  m_TagString: Untagged
  m_Icon: {fileID: 0}
  m_NavMeshLayer: 0
  m_StaticEditorFlags: 0
  m_IsActive: 1
--- !u!4 &598155892
Transform:
  m_ObjectHideFlags: 0
  m_CorrespondingSourceObject: {fileID: 0}
  m_PrefabInternal: {fileID: 0}
  m_GameObject: {fileID: 598155891}
  m_LocalRotation: {x: 0, y: -0, z: 0.7071068, w: -0.7071068}
  m_LocalPosition: {x: 0, y: 0, z: 0}
  m_LocalScale: {x: 1.0000005, y: 1.0000005, z: 1.0000007}
  m_Children:
  - {fileID: 721451428}
  m_Father: {fileID: 1919720708}
  m_RootOrder: 5
  m_LocalEulerAnglesHint: {x: 0, y: 0, z: 270}
--- !u!1 &646294184
GameObject:
  m_ObjectHideFlags: 0
  m_CorrespondingSourceObject: {fileID: 1001134124408482, guid: b3ac6a3a58bcabe4583945f004f697ee,
    type: 2}
  m_PrefabInternal: {fileID: 0}
  serializedVersion: 6
  m_Component:
  - component: {fileID: 646294185}
  - component: {fileID: 646294187}
  - component: {fileID: 646294186}
  m_Layer: 0
  m_Name: StarSparrow_Thruster
  m_TagString: Untagged
  m_Icon: {fileID: 0}
  m_NavMeshLayer: 0
  m_StaticEditorFlags: 0
  m_IsActive: 1
--- !u!4 &646294185
Transform:
  m_ObjectHideFlags: 0
  m_CorrespondingSourceObject: {fileID: 4244974919136594, guid: b3ac6a3a58bcabe4583945f004f697ee,
    type: 2}
  m_PrefabInternal: {fileID: 0}
  m_GameObject: {fileID: 646294184}
  m_LocalRotation: {x: 0.000000026309008, y: -0, z: -0, w: 1}
  m_LocalPosition: {x: 0.7, y: 0, z: 0}
  m_LocalScale: {x: 0.24172, y: 0.24172, z: 0.24172}
  m_Children: []
  m_Father: {fileID: 2071838541}
  m_RootOrder: 0
  m_LocalEulerAnglesHint: {x: 0, y: 0, z: 0}
--- !u!23 &646294186
MeshRenderer:
  m_ObjectHideFlags: 0
  m_CorrespondingSourceObject: {fileID: 23496469173511382, guid: b3ac6a3a58bcabe4583945f004f697ee,
    type: 2}
  m_PrefabInternal: {fileID: 0}
  m_GameObject: {fileID: 646294184}
  m_Enabled: 1
  m_CastShadows: 1
  m_ReceiveShadows: 1
  m_DynamicOccludee: 1
  m_MotionVectors: 1
  m_LightProbeUsage: 1
  m_ReflectionProbeUsage: 1
  m_RenderingLayerMask: 4294967295
  m_Materials:
  - {fileID: 2100000, guid: 786dec18edde8a14289922c9e2d93ccd, type: 2}
  m_StaticBatchInfo:
    firstSubMesh: 0
    subMeshCount: 0
  m_StaticBatchRoot: {fileID: 0}
  m_ProbeAnchor: {fileID: 0}
  m_LightProbeVolumeOverride: {fileID: 0}
  m_ScaleInLightmap: 1
  m_PreserveUVs: 0
  m_IgnoreNormalsForChartDetection: 0
  m_ImportantGI: 0
  m_StitchLightmapSeams: 0
  m_SelectedEditorRenderState: 3
  m_MinimumChartSize: 4
  m_AutoUVMaxDistance: 0.5
  m_AutoUVMaxAngle: 89
  m_LightmapParameters: {fileID: 0}
  m_SortingLayerID: 0
  m_SortingLayer: 0
  m_SortingOrder: 0
--- !u!33 &646294187
MeshFilter:
  m_ObjectHideFlags: 0
  m_CorrespondingSourceObject: {fileID: 33101976143970024, guid: b3ac6a3a58bcabe4583945f004f697ee,
    type: 2}
  m_PrefabInternal: {fileID: 0}
  m_GameObject: {fileID: 646294184}
  m_Mesh: {fileID: 4300014, guid: c9b3d1ee538a9e649acda3363ad265d7, type: 3}
--- !u!1 &721451427
GameObject:
  m_ObjectHideFlags: 0
  m_CorrespondingSourceObject: {fileID: 1700673804762038, guid: b3ac6a3a58bcabe4583945f004f697ee,
    type: 2}
  m_PrefabInternal: {fileID: 0}
  serializedVersion: 6
  m_Component:
  - component: {fileID: 721451428}
  - component: {fileID: 721451429}
  m_Layer: 0
  m_Name: Electron
  m_TagString: Untagged
  m_Icon: {fileID: 0}
  m_NavMeshLayer: 0
  m_StaticEditorFlags: 0
  m_IsActive: 1
--- !u!4 &721451428
Transform:
  m_ObjectHideFlags: 0
  m_CorrespondingSourceObject: {fileID: 4122697397055122, guid: b3ac6a3a58bcabe4583945f004f697ee,
    type: 2}
  m_PrefabInternal: {fileID: 0}
  m_GameObject: {fileID: 721451427}
  m_LocalRotation: {x: -0, y: -0.8660254, z: 0, w: -0.50000006}
  m_LocalPosition: {x: 0, y: 0, z: 0}
  m_LocalScale: {x: 1, y: 1, z: 1}
  m_Children:
  - {fileID: 368493282}
  - {fileID: 1072477976}
  m_Father: {fileID: 598155892}
  m_RootOrder: 0
  m_LocalEulerAnglesHint: {x: 0, y: -240, z: 0}
--- !u!114 &721451429
MonoBehaviour:
  m_ObjectHideFlags: 0
  m_CorrespondingSourceObject: {fileID: 0}
  m_PrefabInternal: {fileID: 0}
  m_GameObject: {fileID: 721451427}
  m_Enabled: 1
  m_EditorHideFlags: 0
  m_Script: {fileID: 11500000, guid: a0540968990a3894fa7013b89a80aa94, type: 3}
  m_Name: 
  m_EditorClassIdentifier: 
  speed: 150
--- !u!1 &758276150
GameObject:
  m_ObjectHideFlags: 0
  m_CorrespondingSourceObject: {fileID: 0}
  m_PrefabInternal: {fileID: 0}
  serializedVersion: 6
  m_Component:
  - component: {fileID: 758276151}
  m_Layer: 0
  m_Name: Tilt
  m_TagString: Untagged
  m_Icon: {fileID: 0}
  m_NavMeshLayer: 0
  m_StaticEditorFlags: 0
  m_IsActive: 1
--- !u!4 &758276151
Transform:
  m_ObjectHideFlags: 0
  m_CorrespondingSourceObject: {fileID: 0}
  m_PrefabInternal: {fileID: 0}
  m_GameObject: {fileID: 758276150}
  m_LocalRotation: {x: 0, y: 0, z: 0, w: 1}
  m_LocalPosition: {x: 0, y: 0, z: 0}
  m_LocalScale: {x: 1, y: 1, z: 1}
  m_Children:
  - {fileID: 1192781175}
  m_Father: {fileID: 1919720708}
  m_RootOrder: 1
  m_LocalEulerAnglesHint: {x: 0, y: 0, z: 0}
--- !u!1 &979503689
GameObject:
  m_ObjectHideFlags: 0
  m_CorrespondingSourceObject: {fileID: 1001134124408482, guid: b3ac6a3a58bcabe4583945f004f697ee,
    type: 2}
  m_PrefabInternal: {fileID: 0}
  serializedVersion: 6
  m_Component:
  - component: {fileID: 979503690}
  - component: {fileID: 979503692}
  - component: {fileID: 979503691}
  m_Layer: 0
  m_Name: StarSparrow_Thruster
  m_TagString: Untagged
  m_Icon: {fileID: 0}
  m_NavMeshLayer: 0
  m_StaticEditorFlags: 0
  m_IsActive: 1
--- !u!4 &979503690
Transform:
  m_ObjectHideFlags: 0
  m_CorrespondingSourceObject: {fileID: 4244974919136594, guid: b3ac6a3a58bcabe4583945f004f697ee,
    type: 2}
  m_PrefabInternal: {fileID: 0}
  m_GameObject: {fileID: 979503689}
  m_LocalRotation: {x: 0.000000026309008, y: -0, z: -0, w: 1}
  m_LocalPosition: {x: 0.7, y: 0, z: 0}
  m_LocalScale: {x: 0.24172, y: 0.24172, z: 0.24172}
  m_Children: []
  m_Father: {fileID: 503585166}
  m_RootOrder: 0
  m_LocalEulerAnglesHint: {x: 0, y: 0, z: 0}
--- !u!23 &979503691
MeshRenderer:
  m_ObjectHideFlags: 0
  m_CorrespondingSourceObject: {fileID: 23496469173511382, guid: b3ac6a3a58bcabe4583945f004f697ee,
    type: 2}
  m_PrefabInternal: {fileID: 0}
  m_GameObject: {fileID: 979503689}
  m_Enabled: 1
  m_CastShadows: 1
  m_ReceiveShadows: 1
  m_DynamicOccludee: 1
  m_MotionVectors: 1
  m_LightProbeUsage: 1
  m_ReflectionProbeUsage: 1
  m_RenderingLayerMask: 4294967295
  m_Materials:
  - {fileID: 2100000, guid: 786dec18edde8a14289922c9e2d93ccd, type: 2}
  m_StaticBatchInfo:
    firstSubMesh: 0
    subMeshCount: 0
  m_StaticBatchRoot: {fileID: 0}
  m_ProbeAnchor: {fileID: 0}
  m_LightProbeVolumeOverride: {fileID: 0}
  m_ScaleInLightmap: 1
  m_PreserveUVs: 0
  m_IgnoreNormalsForChartDetection: 0
  m_ImportantGI: 0
  m_StitchLightmapSeams: 0
  m_SelectedEditorRenderState: 3
  m_MinimumChartSize: 4
  m_AutoUVMaxDistance: 0.5
  m_AutoUVMaxAngle: 89
  m_LightmapParameters: {fileID: 0}
  m_SortingLayerID: 0
  m_SortingLayer: 0
  m_SortingOrder: 0
--- !u!33 &979503692
MeshFilter:
  m_ObjectHideFlags: 0
  m_CorrespondingSourceObject: {fileID: 33101976143970024, guid: b3ac6a3a58bcabe4583945f004f697ee,
    type: 2}
  m_PrefabInternal: {fileID: 0}
  m_GameObject: {fileID: 979503689}
  m_Mesh: {fileID: 4300014, guid: c9b3d1ee538a9e649acda3363ad265d7, type: 3}
--- !u!1 &1072477975
GameObject:
  m_ObjectHideFlags: 0
  m_CorrespondingSourceObject: {fileID: 1541562548827528, guid: b3ac6a3a58bcabe4583945f004f697ee,
    type: 2}
  m_PrefabInternal: {fileID: 0}
  serializedVersion: 6
  m_Component:
  - component: {fileID: 1072477976}
  - component: {fileID: 1072477978}
  - component: {fileID: 1072477977}
  m_Layer: 0
  m_Name: StarSparrow_Engine (1)
  m_TagString: Untagged
  m_Icon: {fileID: 0}
  m_NavMeshLayer: 0
  m_StaticEditorFlags: 0
  m_IsActive: 1
--- !u!4 &1072477976
Transform:
  m_ObjectHideFlags: 0
  m_CorrespondingSourceObject: {fileID: 4130029146842402, guid: b3ac6a3a58bcabe4583945f004f697ee,
    type: 2}
  m_PrefabInternal: {fileID: 0}
  m_GameObject: {fileID: 1072477975}
  m_LocalRotation: {x: -0, y: -0, z: -0, w: 1}
  m_LocalPosition: {x: 0.7, y: 0, z: 0.045}
  m_LocalScale: {x: 0.25, y: 0.25, z: 0.11}
  m_Children: []
  m_Father: {fileID: 721451428}
  m_RootOrder: 1
  m_LocalEulerAnglesHint: {x: 0, y: 0, z: 0}
--- !u!23 &1072477977
MeshRenderer:
  m_ObjectHideFlags: 0
  m_CorrespondingSourceObject: {fileID: 23917668035772184, guid: b3ac6a3a58bcabe4583945f004f697ee,
    type: 2}
  m_PrefabInternal: {fileID: 0}
  m_GameObject: {fileID: 1072477975}
  m_Enabled: 1
  m_CastShadows: 1
  m_ReceiveShadows: 1
  m_DynamicOccludee: 1
  m_MotionVectors: 1
  m_LightProbeUsage: 1
  m_ReflectionProbeUsage: 1
  m_RenderingLayerMask: 4294967295
  m_Materials:
  - {fileID: 2100000, guid: 786dec18edde8a14289922c9e2d93ccd, type: 2}
  m_StaticBatchInfo:
    firstSubMesh: 0
    subMeshCount: 0
  m_StaticBatchRoot: {fileID: 0}
  m_ProbeAnchor: {fileID: 0}
  m_LightProbeVolumeOverride: {fileID: 0}
  m_ScaleInLightmap: 1
  m_PreserveUVs: 0
  m_IgnoreNormalsForChartDetection: 0
  m_ImportantGI: 0
  m_StitchLightmapSeams: 0
  m_SelectedEditorRenderState: 3
  m_MinimumChartSize: 4
  m_AutoUVMaxDistance: 0.5
  m_AutoUVMaxAngle: 89
  m_LightmapParameters: {fileID: 0}
  m_SortingLayerID: 0
  m_SortingLayer: 0
  m_SortingOrder: 0
--- !u!33 &1072477978
MeshFilter:
  m_ObjectHideFlags: 0
  m_CorrespondingSourceObject: {fileID: 33991964384864060, guid: b3ac6a3a58bcabe4583945f004f697ee,
    type: 2}
  m_PrefabInternal: {fileID: 0}
  m_GameObject: {fileID: 1072477975}
  m_Mesh: {fileID: 4300004, guid: c9b3d1ee538a9e649acda3363ad265d7, type: 3}
--- !u!1 &1165991404
GameObject:
  m_ObjectHideFlags: 0
  m_CorrespondingSourceObject: {fileID: 1001134124408482, guid: b3ac6a3a58bcabe4583945f004f697ee,
    type: 2}
  m_PrefabInternal: {fileID: 0}
  serializedVersion: 6
  m_Component:
  - component: {fileID: 1165991405}
  - component: {fileID: 1165991407}
  - component: {fileID: 1165991406}
  m_Layer: 0
  m_Name: StarSparrow_Thruster
  m_TagString: Untagged
  m_Icon: {fileID: 0}
  m_NavMeshLayer: 0
  m_StaticEditorFlags: 0
  m_IsActive: 1
--- !u!4 &1165991405
Transform:
  m_ObjectHideFlags: 0
  m_CorrespondingSourceObject: {fileID: 4244974919136594, guid: b3ac6a3a58bcabe4583945f004f697ee,
    type: 2}
  m_PrefabInternal: {fileID: 0}
  m_GameObject: {fileID: 1165991404}
  m_LocalRotation: {x: 0.000000026309008, y: -0, z: -0, w: 1}
  m_LocalPosition: {x: 0.7, y: 0, z: 0}
  m_LocalScale: {x: 0.24172, y: 0.24172, z: 0.24172}
  m_Children: []
  m_Father: {fileID: 2030531101}
  m_RootOrder: 0
  m_LocalEulerAnglesHint: {x: 0, y: 0, z: 0}
--- !u!23 &1165991406
MeshRenderer:
  m_ObjectHideFlags: 0
  m_CorrespondingSourceObject: {fileID: 23496469173511382, guid: b3ac6a3a58bcabe4583945f004f697ee,
    type: 2}
  m_PrefabInternal: {fileID: 0}
  m_GameObject: {fileID: 1165991404}
  m_Enabled: 1
  m_CastShadows: 1
  m_ReceiveShadows: 1
  m_DynamicOccludee: 1
  m_MotionVectors: 1
  m_LightProbeUsage: 1
  m_ReflectionProbeUsage: 1
  m_RenderingLayerMask: 4294967295
  m_Materials:
  - {fileID: 2100000, guid: 786dec18edde8a14289922c9e2d93ccd, type: 2}
  m_StaticBatchInfo:
    firstSubMesh: 0
    subMeshCount: 0
  m_StaticBatchRoot: {fileID: 0}
  m_ProbeAnchor: {fileID: 0}
  m_LightProbeVolumeOverride: {fileID: 0}
  m_ScaleInLightmap: 1
  m_PreserveUVs: 0
  m_IgnoreNormalsForChartDetection: 0
  m_ImportantGI: 0
  m_StitchLightmapSeams: 0
  m_SelectedEditorRenderState: 3
  m_MinimumChartSize: 4
  m_AutoUVMaxDistance: 0.5
  m_AutoUVMaxAngle: 89
  m_LightmapParameters: {fileID: 0}
  m_SortingLayerID: 0
  m_SortingLayer: 0
  m_SortingOrder: 0
--- !u!33 &1165991407
MeshFilter:
  m_ObjectHideFlags: 0
  m_CorrespondingSourceObject: {fileID: 33101976143970024, guid: b3ac6a3a58bcabe4583945f004f697ee,
    type: 2}
  m_PrefabInternal: {fileID: 0}
  m_GameObject: {fileID: 1165991404}
  m_Mesh: {fileID: 4300014, guid: c9b3d1ee538a9e649acda3363ad265d7, type: 3}
--- !u!1 &1183795141
GameObject:
  m_ObjectHideFlags: 0
  m_CorrespondingSourceObject: {fileID: 1541562548827528, guid: b3ac6a3a58bcabe4583945f004f697ee,
    type: 2}
  m_PrefabInternal: {fileID: 0}
  serializedVersion: 6
  m_Component:
  - component: {fileID: 1183795142}
  - component: {fileID: 1183795144}
  - component: {fileID: 1183795143}
  m_Layer: 0
  m_Name: StarSparrow_Engine (1)
  m_TagString: Untagged
  m_Icon: {fileID: 0}
  m_NavMeshLayer: 0
  m_StaticEditorFlags: 0
  m_IsActive: 1
--- !u!4 &1183795142
Transform:
  m_ObjectHideFlags: 0
  m_CorrespondingSourceObject: {fileID: 4130029146842402, guid: b3ac6a3a58bcabe4583945f004f697ee,
    type: 2}
  m_PrefabInternal: {fileID: 0}
  m_GameObject: {fileID: 1183795141}
  m_LocalRotation: {x: -0, y: -0, z: -0, w: 1}
  m_LocalPosition: {x: 0.7, y: 0, z: 0.045}
  m_LocalScale: {x: 0.25, y: 0.25, z: 0.11}
  m_Children: []
  m_Father: {fileID: 503585166}
  m_RootOrder: 1
  m_LocalEulerAnglesHint: {x: 0, y: 0, z: 0}
--- !u!23 &1183795143
MeshRenderer:
  m_ObjectHideFlags: 0
  m_CorrespondingSourceObject: {fileID: 23917668035772184, guid: b3ac6a3a58bcabe4583945f004f697ee,
    type: 2}
  m_PrefabInternal: {fileID: 0}
  m_GameObject: {fileID: 1183795141}
  m_Enabled: 1
  m_CastShadows: 1
  m_ReceiveShadows: 1
  m_DynamicOccludee: 1
  m_MotionVectors: 1
  m_LightProbeUsage: 1
  m_ReflectionProbeUsage: 1
  m_RenderingLayerMask: 4294967295
  m_Materials:
  - {fileID: 2100000, guid: 786dec18edde8a14289922c9e2d93ccd, type: 2}
  m_StaticBatchInfo:
    firstSubMesh: 0
    subMeshCount: 0
  m_StaticBatchRoot: {fileID: 0}
  m_ProbeAnchor: {fileID: 0}
  m_LightProbeVolumeOverride: {fileID: 0}
  m_ScaleInLightmap: 1
  m_PreserveUVs: 0
  m_IgnoreNormalsForChartDetection: 0
  m_ImportantGI: 0
  m_StitchLightmapSeams: 0
  m_SelectedEditorRenderState: 3
  m_MinimumChartSize: 4
  m_AutoUVMaxDistance: 0.5
  m_AutoUVMaxAngle: 89
  m_LightmapParameters: {fileID: 0}
  m_SortingLayerID: 0
  m_SortingLayer: 0
  m_SortingOrder: 0
--- !u!33 &1183795144
MeshFilter:
  m_ObjectHideFlags: 0
  m_CorrespondingSourceObject: {fileID: 33991964384864060, guid: b3ac6a3a58bcabe4583945f004f697ee,
    type: 2}
  m_PrefabInternal: {fileID: 0}
  m_GameObject: {fileID: 1183795141}
  m_Mesh: {fileID: 4300004, guid: c9b3d1ee538a9e649acda3363ad265d7, type: 3}
--- !u!1 &1190115873
GameObject:
  m_ObjectHideFlags: 0
  m_CorrespondingSourceObject: {fileID: 0}
  m_PrefabInternal: {fileID: 0}
  serializedVersion: 6
  m_Component:
  - component: {fileID: 1190115874}
  m_Layer: 0
  m_Name: Tilt (1)
  m_TagString: Untagged
  m_Icon: {fileID: 0}
  m_NavMeshLayer: 0
  m_StaticEditorFlags: 0
  m_IsActive: 1
--- !u!4 &1190115874
Transform:
  m_ObjectHideFlags: 0
  m_CorrespondingSourceObject: {fileID: 0}
  m_PrefabInternal: {fileID: 0}
  m_GameObject: {fileID: 1190115873}
  m_LocalRotation: {x: 0, y: 0, z: 0.5, w: 0.8660254}
  m_LocalPosition: {x: 0, y: 0, z: 0}
  m_LocalScale: {x: 1, y: 1, z: 1}
  m_Children:
  - {fileID: 2030531101}
  m_Father: {fileID: 1919720708}
  m_RootOrder: 2
  m_LocalEulerAnglesHint: {x: 0, y: 0, z: 60}
--- !u!1 &1192781174
GameObject:
  m_ObjectHideFlags: 0
  m_CorrespondingSourceObject: {fileID: 1700673804762038, guid: b3ac6a3a58bcabe4583945f004f697ee,
    type: 2}
  m_PrefabInternal: {fileID: 0}
  serializedVersion: 6
  m_Component:
  - component: {fileID: 1192781175}
  - component: {fileID: 1192781176}
  m_Layer: 0
  m_Name: Electron
  m_TagString: Untagged
  m_Icon: {fileID: 0}
  m_NavMeshLayer: 0
  m_StaticEditorFlags: 0
  m_IsActive: 1
--- !u!4 &1192781175
Transform:
  m_ObjectHideFlags: 0
  m_CorrespondingSourceObject: {fileID: 4122697397055122, guid: b3ac6a3a58bcabe4583945f004f697ee,
    type: 2}
  m_PrefabInternal: {fileID: 0}
  m_GameObject: {fileID: 1192781174}
  m_LocalRotation: {x: -0, y: -0, z: -0, w: 1}
  m_LocalPosition: {x: 0, y: 0, z: 0}
  m_LocalScale: {x: 1, y: 1, z: 1}
  m_Children:
  - {fileID: 2056658397}
  - {fileID: 1491293596}
  m_Father: {fileID: 758276151}
  m_RootOrder: 0
  m_LocalEulerAnglesHint: {x: 0, y: 0, z: 0}
--- !u!114 &1192781176
MonoBehaviour:
  m_ObjectHideFlags: 0
  m_CorrespondingSourceObject: {fileID: 0}
  m_PrefabInternal: {fileID: 0}
  m_GameObject: {fileID: 1192781174}
  m_Enabled: 1
  m_EditorHideFlags: 0
  m_Script: {fileID: 11500000, guid: a0540968990a3894fa7013b89a80aa94, type: 3}
  m_Name: 
  m_EditorClassIdentifier: 
  speed: 150
--- !u!1 &1368026131
GameObject:
  m_ObjectHideFlags: 0
  m_CorrespondingSourceObject: {fileID: 1762747135418500, guid: b3ac6a3a58bcabe4583945f004f697ee,
    type: 2}
  m_PrefabInternal: {fileID: 0}
  serializedVersion: 6
  m_Component:
  - component: {fileID: 1368026132}
  - component: {fileID: 1368026135}
  - component: {fileID: 1368026134}
  - component: {fileID: 1368026133}
  m_Layer: 0
  m_Name: Sphere
  m_TagString: Untagged
  m_Icon: {fileID: 0}
  m_NavMeshLayer: 0
  m_StaticEditorFlags: 0
  m_IsActive: 1
--- !u!4 &1368026132
Transform:
  m_ObjectHideFlags: 0
  m_CorrespondingSourceObject: {fileID: 4372865371365152, guid: b3ac6a3a58bcabe4583945f004f697ee,
    type: 2}
  m_PrefabInternal: {fileID: 0}
  m_GameObject: {fileID: 1368026131}
  m_LocalRotation: {x: -0, y: -0, z: -0, w: 1}
  m_LocalPosition: {x: 0, y: 0, z: 0}
  m_LocalScale: {x: 1, y: 1, z: 1}
  m_Children: []
  m_Father: {fileID: 1919720708}
  m_RootOrder: 0
  m_LocalEulerAnglesHint: {x: 0, y: 0, z: 0}
--- !u!135 &1368026133
SphereCollider:
  m_ObjectHideFlags: 0
  m_CorrespondingSourceObject: {fileID: 135951781690092326, guid: b3ac6a3a58bcabe4583945f004f697ee,
    type: 2}
  m_PrefabInternal: {fileID: 0}
  m_GameObject: {fileID: 1368026131}
  m_Material: {fileID: 0}
  m_IsTrigger: 0
  m_Enabled: 1
  serializedVersion: 2
  m_Radius: 0.5
  m_Center: {x: 0, y: 0, z: 0}
--- !u!23 &1368026134
MeshRenderer:
  m_ObjectHideFlags: 0
  m_CorrespondingSourceObject: {fileID: 23946697353484480, guid: b3ac6a3a58bcabe4583945f004f697ee,
    type: 2}
  m_PrefabInternal: {fileID: 0}
  m_GameObject: {fileID: 1368026131}
  m_Enabled: 1
  m_CastShadows: 1
  m_ReceiveShadows: 1
  m_DynamicOccludee: 1
  m_MotionVectors: 1
  m_LightProbeUsage: 1
  m_ReflectionProbeUsage: 1
  m_RenderingLayerMask: 4294967295
  m_Materials:
  - {fileID: 2100000, guid: 786dec18edde8a14289922c9e2d93ccd, type: 2}
  m_StaticBatchInfo:
    firstSubMesh: 0
    subMeshCount: 0
  m_StaticBatchRoot: {fileID: 0}
  m_ProbeAnchor: {fileID: 0}
  m_LightProbeVolumeOverride: {fileID: 0}
  m_ScaleInLightmap: 1
  m_PreserveUVs: 0
  m_IgnoreNormalsForChartDetection: 0
  m_ImportantGI: 0
  m_StitchLightmapSeams: 0
  m_SelectedEditorRenderState: 3
  m_MinimumChartSize: 4
  m_AutoUVMaxDistance: 0.5
  m_AutoUVMaxAngle: 89
  m_LightmapParameters: {fileID: 0}
  m_SortingLayerID: 0
  m_SortingLayer: 0
  m_SortingOrder: 0
--- !u!33 &1368026135
MeshFilter:
  m_ObjectHideFlags: 0
  m_CorrespondingSourceObject: {fileID: 33729041913341020, guid: b3ac6a3a58bcabe4583945f004f697ee,
    type: 2}
  m_PrefabInternal: {fileID: 0}
  m_GameObject: {fileID: 1368026131}
  m_Mesh: {fileID: 10207, guid: 0000000000000000e000000000000000, type: 0}
--- !u!1 &1402141042
GameObject:
  m_ObjectHideFlags: 0
  m_CorrespondingSourceObject: {fileID: 1541562548827528, guid: b3ac6a3a58bcabe4583945f004f697ee,
    type: 2}
  m_PrefabInternal: {fileID: 0}
  serializedVersion: 6
  m_Component:
  - component: {fileID: 1402141043}
  - component: {fileID: 1402141045}
  - component: {fileID: 1402141044}
  m_Layer: 0
  m_Name: StarSparrow_Engine (1)
  m_TagString: Untagged
  m_Icon: {fileID: 0}
  m_NavMeshLayer: 0
  m_StaticEditorFlags: 0
  m_IsActive: 1
--- !u!4 &1402141043
Transform:
  m_ObjectHideFlags: 0
  m_CorrespondingSourceObject: {fileID: 4130029146842402, guid: b3ac6a3a58bcabe4583945f004f697ee,
    type: 2}
  m_PrefabInternal: {fileID: 0}
  m_GameObject: {fileID: 1402141042}
  m_LocalRotation: {x: -0, y: -0, z: -0, w: 1}
  m_LocalPosition: {x: 0.7, y: 0, z: 0.045}
  m_LocalScale: {x: 0.25, y: 0.25, z: 0.11}
  m_Children: []
  m_Father: {fileID: 2071838541}
  m_RootOrder: 1
  m_LocalEulerAnglesHint: {x: 0, y: 0, z: 0}
--- !u!23 &1402141044
MeshRenderer:
  m_ObjectHideFlags: 0
  m_CorrespondingSourceObject: {fileID: 23917668035772184, guid: b3ac6a3a58bcabe4583945f004f697ee,
    type: 2}
  m_PrefabInternal: {fileID: 0}
  m_GameObject: {fileID: 1402141042}
  m_Enabled: 1
  m_CastShadows: 1
  m_ReceiveShadows: 1
  m_DynamicOccludee: 1
  m_MotionVectors: 1
  m_LightProbeUsage: 1
  m_ReflectionProbeUsage: 1
  m_RenderingLayerMask: 4294967295
  m_Materials:
  - {fileID: 2100000, guid: 786dec18edde8a14289922c9e2d93ccd, type: 2}
  m_StaticBatchInfo:
    firstSubMesh: 0
    subMeshCount: 0
  m_StaticBatchRoot: {fileID: 0}
  m_ProbeAnchor: {fileID: 0}
  m_LightProbeVolumeOverride: {fileID: 0}
  m_ScaleInLightmap: 1
  m_PreserveUVs: 0
  m_IgnoreNormalsForChartDetection: 0
  m_ImportantGI: 0
  m_StitchLightmapSeams: 0
  m_SelectedEditorRenderState: 3
  m_MinimumChartSize: 4
  m_AutoUVMaxDistance: 0.5
  m_AutoUVMaxAngle: 89
  m_LightmapParameters: {fileID: 0}
  m_SortingLayerID: 0
  m_SortingLayer: 0
  m_SortingOrder: 0
--- !u!33 &1402141045
MeshFilter:
  m_ObjectHideFlags: 0
  m_CorrespondingSourceObject: {fileID: 33991964384864060, guid: b3ac6a3a58bcabe4583945f004f697ee,
    type: 2}
  m_PrefabInternal: {fileID: 0}
  m_GameObject: {fileID: 1402141042}
  m_Mesh: {fileID: 4300004, guid: c9b3d1ee538a9e649acda3363ad265d7, type: 3}
--- !u!1 &1491293595
GameObject:
  m_ObjectHideFlags: 0
  m_CorrespondingSourceObject: {fileID: 1541562548827528, guid: b3ac6a3a58bcabe4583945f004f697ee,
    type: 2}
  m_PrefabInternal: {fileID: 0}
  serializedVersion: 6
  m_Component:
  - component: {fileID: 1491293596}
  - component: {fileID: 1491293598}
  - component: {fileID: 1491293597}
  m_Layer: 0
  m_Name: StarSparrow_Engine (1)
  m_TagString: Untagged
  m_Icon: {fileID: 0}
  m_NavMeshLayer: 0
  m_StaticEditorFlags: 0
  m_IsActive: 1
--- !u!4 &1491293596
Transform:
  m_ObjectHideFlags: 0
  m_CorrespondingSourceObject: {fileID: 4130029146842402, guid: b3ac6a3a58bcabe4583945f004f697ee,
    type: 2}
  m_PrefabInternal: {fileID: 0}
  m_GameObject: {fileID: 1491293595}
  m_LocalRotation: {x: -0, y: -0, z: -0, w: 1}
  m_LocalPosition: {x: 0.7, y: 0, z: 0.045}
  m_LocalScale: {x: 0.25, y: 0.25, z: 0.11}
  m_Children: []
  m_Father: {fileID: 1192781175}
  m_RootOrder: 1
  m_LocalEulerAnglesHint: {x: 0, y: 0, z: 0}
--- !u!23 &1491293597
MeshRenderer:
  m_ObjectHideFlags: 0
  m_CorrespondingSourceObject: {fileID: 23917668035772184, guid: b3ac6a3a58bcabe4583945f004f697ee,
    type: 2}
  m_PrefabInternal: {fileID: 0}
  m_GameObject: {fileID: 1491293595}
  m_Enabled: 1
  m_CastShadows: 1
  m_ReceiveShadows: 1
  m_DynamicOccludee: 1
  m_MotionVectors: 1
  m_LightProbeUsage: 1
  m_ReflectionProbeUsage: 1
  m_RenderingLayerMask: 4294967295
  m_Materials:
  - {fileID: 2100000, guid: 786dec18edde8a14289922c9e2d93ccd, type: 2}
  m_StaticBatchInfo:
    firstSubMesh: 0
    subMeshCount: 0
  m_StaticBatchRoot: {fileID: 0}
  m_ProbeAnchor: {fileID: 0}
  m_LightProbeVolumeOverride: {fileID: 0}
  m_ScaleInLightmap: 1
  m_PreserveUVs: 0
  m_IgnoreNormalsForChartDetection: 0
  m_ImportantGI: 0
  m_StitchLightmapSeams: 0
  m_SelectedEditorRenderState: 3
  m_MinimumChartSize: 4
  m_AutoUVMaxDistance: 0.5
  m_AutoUVMaxAngle: 89
  m_LightmapParameters: {fileID: 0}
  m_SortingLayerID: 0
  m_SortingLayer: 0
  m_SortingOrder: 0
--- !u!33 &1491293598
MeshFilter:
  m_ObjectHideFlags: 0
  m_CorrespondingSourceObject: {fileID: 33991964384864060, guid: b3ac6a3a58bcabe4583945f004f697ee,
    type: 2}
  m_PrefabInternal: {fileID: 0}
  m_GameObject: {fileID: 1491293595}
  m_Mesh: {fileID: 4300004, guid: c9b3d1ee538a9e649acda3363ad265d7, type: 3}
--- !u!1 &1511878062
GameObject:
  m_ObjectHideFlags: 0
  m_CorrespondingSourceObject: {fileID: 0}
  m_PrefabInternal: {fileID: 0}
  serializedVersion: 6
  m_Component:
  - component: {fileID: 1511878063}
  m_Layer: 0
  m_Name: Tilt (2)
  m_TagString: Untagged
  m_Icon: {fileID: 0}
  m_NavMeshLayer: 0
  m_StaticEditorFlags: 0
  m_IsActive: 1
--- !u!4 &1511878063
Transform:
  m_ObjectHideFlags: 0
  m_CorrespondingSourceObject: {fileID: 0}
  m_PrefabInternal: {fileID: 0}
  m_GameObject: {fileID: 1511878062}
  m_LocalRotation: {x: 0, y: 0, z: 0.86602545, w: 0.49999994}
  m_LocalPosition: {x: 0, y: 0, z: 0}
  m_LocalScale: {x: 1.0000004, y: 1, z: 1.0000007}
  m_Children:
  - {fileID: 2071838541}
  m_Father: {fileID: 1919720708}
  m_RootOrder: 3
  m_LocalEulerAnglesHint: {x: 0, y: 0, z: 120}
--- !u!1 &1525373185
GameObject:
  m_ObjectHideFlags: 0
  m_CorrespondingSourceObject: {fileID: 1001134124408482, guid: b3ac6a3a58bcabe4583945f004f697ee,
    type: 2}
  m_PrefabInternal: {fileID: 0}
  serializedVersion: 6
  m_Component:
  - component: {fileID: 1525373186}
  - component: {fileID: 1525373188}
  - component: {fileID: 1525373187}
  m_Layer: 0
  m_Name: StarSparrow_Thruster
  m_TagString: Untagged
  m_Icon: {fileID: 0}
  m_NavMeshLayer: 0
  m_StaticEditorFlags: 0
  m_IsActive: 1
--- !u!4 &1525373186
Transform:
  m_ObjectHideFlags: 0
  m_CorrespondingSourceObject: {fileID: 4244974919136594, guid: b3ac6a3a58bcabe4583945f004f697ee,
    type: 2}
  m_PrefabInternal: {fileID: 0}
  m_GameObject: {fileID: 1525373185}
  m_LocalRotation: {x: 0.000000026309008, y: -0, z: -0, w: 1}
  m_LocalPosition: {x: 0.7, y: 0, z: 0}
  m_LocalScale: {x: 0.24172, y: 0.24172, z: 0.24172}
  m_Children: []
  m_Father: {fileID: 1913585311}
  m_RootOrder: 0
  m_LocalEulerAnglesHint: {x: 0, y: 0, z: 0}
--- !u!23 &1525373187
MeshRenderer:
  m_ObjectHideFlags: 0
  m_CorrespondingSourceObject: {fileID: 23496469173511382, guid: b3ac6a3a58bcabe4583945f004f697ee,
    type: 2}
  m_PrefabInternal: {fileID: 0}
  m_GameObject: {fileID: 1525373185}
  m_Enabled: 1
  m_CastShadows: 1
  m_ReceiveShadows: 1
  m_DynamicOccludee: 1
  m_MotionVectors: 1
  m_LightProbeUsage: 1
  m_ReflectionProbeUsage: 1
  m_RenderingLayerMask: 4294967295
  m_Materials:
  - {fileID: 2100000, guid: 786dec18edde8a14289922c9e2d93ccd, type: 2}
  m_StaticBatchInfo:
    firstSubMesh: 0
    subMeshCount: 0
  m_StaticBatchRoot: {fileID: 0}
  m_ProbeAnchor: {fileID: 0}
  m_LightProbeVolumeOverride: {fileID: 0}
  m_ScaleInLightmap: 1
  m_PreserveUVs: 0
  m_IgnoreNormalsForChartDetection: 0
  m_ImportantGI: 0
  m_StitchLightmapSeams: 0
  m_SelectedEditorRenderState: 3
  m_MinimumChartSize: 4
  m_AutoUVMaxDistance: 0.5
  m_AutoUVMaxAngle: 89
  m_LightmapParameters: {fileID: 0}
  m_SortingLayerID: 0
  m_SortingLayer: 0
  m_SortingOrder: 0
--- !u!33 &1525373188
MeshFilter:
  m_ObjectHideFlags: 0
  m_CorrespondingSourceObject: {fileID: 33101976143970024, guid: b3ac6a3a58bcabe4583945f004f697ee,
    type: 2}
  m_PrefabInternal: {fileID: 0}
  m_GameObject: {fileID: 1525373185}
  m_Mesh: {fileID: 4300014, guid: c9b3d1ee538a9e649acda3363ad265d7, type: 3}
--- !u!1 &1683673815
GameObject:
  m_ObjectHideFlags: 0
  m_CorrespondingSourceObject: {fileID: 0}
  m_PrefabInternal: {fileID: 0}
  serializedVersion: 6
  m_Component:
  - component: {fileID: 1683673818}
  - component: {fileID: 1683673817}
  - component: {fileID: 1683673816}
  m_Layer: 0
  m_Name: Terrain
  m_TagString: Untagged
  m_Icon: {fileID: 0}
  m_NavMeshLayer: 0
  m_StaticEditorFlags: 4294967295
  m_IsActive: 1
--- !u!154 &1683673816
TerrainCollider:
  m_ObjectHideFlags: 0
  m_CorrespondingSourceObject: {fileID: 0}
  m_PrefabInternal: {fileID: 0}
  m_GameObject: {fileID: 1683673815}
  m_Material: {fileID: 0}
  m_Enabled: 1
  m_TerrainData: {fileID: 15600000, guid: e120d7a2a6a1acd4fb024dafd854a408, type: 2}
  m_EnableTreeColliders: 1
--- !u!218 &1683673817
Terrain:
  m_ObjectHideFlags: 0
  m_CorrespondingSourceObject: {fileID: 0}
  m_PrefabInternal: {fileID: 0}
  m_GameObject: {fileID: 1683673815}
  m_Enabled: 1
  serializedVersion: 3
  m_TerrainData: {fileID: 15600000, guid: e120d7a2a6a1acd4fb024dafd854a408, type: 2}
  m_TreeDistance: 2000
  m_TreeBillboardDistance: 50
  m_TreeCrossFadeLength: 5
  m_TreeMaximumFullLODCount: 50
  m_DetailObjectDistance: 80
  m_DetailObjectDensity: 1
  m_HeightmapPixelError: 200
  m_SplatMapDistance: 903
  m_HeightmapMaximumLOD: 0
  m_CastShadows: 1
  m_DrawHeightmap: 1
  m_DrawTreesAndFoliage: 1
  m_ReflectionProbeUsage: 1
  m_MaterialType: 0
  m_LegacySpecular:
    serializedVersion: 2
    rgba: 4286545791
  m_LegacyShininess: 0.078125
  m_MaterialTemplate: {fileID: 0}
  m_BakeLightProbesForTrees: 1
  m_PreserveTreePrototypeLayers: 0
  m_ScaleInLightmap: 0.1024
  m_LightmapParameters: {fileID: 15203, guid: 0000000000000000f000000000000000, type: 0}
--- !u!4 &1683673818
Transform:
  m_ObjectHideFlags: 0
  m_CorrespondingSourceObject: {fileID: 0}
  m_PrefabInternal: {fileID: 0}
  m_GameObject: {fileID: 1683673815}
  m_LocalRotation: {x: 0, y: 0, z: 0, w: 1}
  m_LocalPosition: {x: -250, y: 0, z: -250}
  m_LocalScale: {x: 1, y: 1, z: 1}
  m_Children: []
  m_Father: {fileID: 0}
  m_RootOrder: 2
  m_LocalEulerAnglesHint: {x: 0, y: 0, z: 0}
--- !u!1 &1746992662
GameObject:
  m_ObjectHideFlags: 0
  m_CorrespondingSourceObject: {fileID: 0}
  m_PrefabInternal: {fileID: 0}
  serializedVersion: 6
  m_Component:
  - component: {fileID: 1746992663}
  m_Layer: 0
  m_Name: Tilt (3)
  m_TagString: Untagged
  m_Icon: {fileID: 0}
  m_NavMeshLayer: 0
  m_StaticEditorFlags: 0
  m_IsActive: 1
--- !u!4 &1746992663
Transform:
  m_ObjectHideFlags: 0
  m_CorrespondingSourceObject: {fileID: 0}
  m_PrefabInternal: {fileID: 0}
  m_GameObject: {fileID: 1746992662}
  m_LocalRotation: {x: 0, y: -0, z: 0.9659259, w: -0.25881898}
  m_LocalPosition: {x: 0, y: 0, z: 0}
  m_LocalScale: {x: 1, y: 1, z: 1}
  m_Children:
  - {fileID: 1913585311}
  m_Father: {fileID: 1919720708}
  m_RootOrder: 4
  m_LocalEulerAnglesHint: {x: 0, y: 0, z: 210}
--- !u!1 &1913585310
GameObject:
  m_ObjectHideFlags: 0
  m_CorrespondingSourceObject: {fileID: 1700673804762038, guid: b3ac6a3a58bcabe4583945f004f697ee,
    type: 2}
  m_PrefabInternal: {fileID: 0}
  serializedVersion: 6
  m_Component:
  - component: {fileID: 1913585311}
  - component: {fileID: 1913585312}
  m_Layer: 0
  m_Name: Electron
  m_TagString: Untagged
  m_Icon: {fileID: 0}
  m_NavMeshLayer: 0
  m_StaticEditorFlags: 0
  m_IsActive: 1
--- !u!4 &1913585311
Transform:
  m_ObjectHideFlags: 0
  m_CorrespondingSourceObject: {fileID: 4122697397055122, guid: b3ac6a3a58bcabe4583945f004f697ee,
    type: 2}
  m_PrefabInternal: {fileID: 0}
  m_GameObject: {fileID: 1913585310}
  m_LocalRotation: {x: 0, y: -1, z: 0, w: 0}
  m_LocalPosition: {x: 0, y: 0, z: 0}
  m_LocalScale: {x: 1, y: 1, z: 1}
  m_Children:
  - {fileID: 1525373186}
  - {fileID: 2041146656}
  m_Father: {fileID: 1746992663}
  m_RootOrder: 0
  m_LocalEulerAnglesHint: {x: 0, y: -180, z: 0}
--- !u!114 &1913585312
MonoBehaviour:
  m_ObjectHideFlags: 0
  m_CorrespondingSourceObject: {fileID: 0}
  m_PrefabInternal: {fileID: 0}
  m_GameObject: {fileID: 1913585310}
  m_Enabled: 1
  m_EditorHideFlags: 0
  m_Script: {fileID: 11500000, guid: a0540968990a3894fa7013b89a80aa94, type: 3}
  m_Name: 
  m_EditorClassIdentifier: 
  speed: 150
--- !u!1 &1919720707
GameObject:
  m_ObjectHideFlags: 0
  m_CorrespondingSourceObject: {fileID: 1810055394071338, guid: b3ac6a3a58bcabe4583945f004f697ee,
    type: 2}
  m_PrefabInternal: {fileID: 0}
  serializedVersion: 6
  m_Component:
  - component: {fileID: 1919720708}
  m_Layer: 0
  m_Name: AlienAtom
  m_TagString: Untagged
  m_Icon: {fileID: 0}
  m_NavMeshLayer: 0
  m_StaticEditorFlags: 0
  m_IsActive: 1
--- !u!4 &1919720708
Transform:
  m_ObjectHideFlags: 0
  m_CorrespondingSourceObject: {fileID: 4268762237941432, guid: b3ac6a3a58bcabe4583945f004f697ee,
    type: 2}
  m_PrefabInternal: {fileID: 0}
  m_GameObject: {fileID: 1919720707}
  m_LocalRotation: {x: 0, y: 1, z: 0, w: 0}
  m_LocalPosition: {x: 266.3, y: 101.8, z: 381.8}
  m_LocalScale: {x: 1, y: 1, z: 1}
  m_Children:
  - {fileID: 1368026132}
  - {fileID: 758276151}
  - {fileID: 1190115874}
  - {fileID: 1511878063}
  - {fileID: 1746992663}
  - {fileID: 598155892}
  - {fileID: 65108418}
  m_Father: {fileID: 0}
  m_RootOrder: 3
  m_LocalEulerAnglesHint: {x: 0, y: 180, z: 0}
--- !u!1 &2030531100
GameObject:
  m_ObjectHideFlags: 0
  m_CorrespondingSourceObject: {fileID: 1700673804762038, guid: b3ac6a3a58bcabe4583945f004f697ee,
    type: 2}
  m_PrefabInternal: {fileID: 0}
  serializedVersion: 6
  m_Component:
  - component: {fileID: 2030531101}
  - component: {fileID: 2030531102}
  m_Layer: 0
  m_Name: Electron
  m_TagString: Untagged
  m_Icon: {fileID: 0}
  m_NavMeshLayer: 0
  m_StaticEditorFlags: 0
  m_IsActive: 1
--- !u!4 &2030531101
Transform:
  m_ObjectHideFlags: 0
  m_CorrespondingSourceObject: {fileID: 4122697397055122, guid: b3ac6a3a58bcabe4583945f004f697ee,
    type: 2}
  m_PrefabInternal: {fileID: 0}
  m_GameObject: {fileID: 2030531100}
  m_LocalRotation: {x: 0, y: -0.5, z: 0, w: 0.8660254}
  m_LocalPosition: {x: 0, y: 0, z: 0}
  m_LocalScale: {x: 1, y: 1, z: 1}
  m_Children:
  - {fileID: 1165991405}
  - {fileID: 2120904686}
  m_Father: {fileID: 1190115874}
  m_RootOrder: 0
  m_LocalEulerAnglesHint: {x: 0, y: -60, z: 0}
--- !u!114 &2030531102
MonoBehaviour:
  m_ObjectHideFlags: 0
  m_CorrespondingSourceObject: {fileID: 0}
  m_PrefabInternal: {fileID: 0}
  m_GameObject: {fileID: 2030531100}
  m_Enabled: 1
  m_EditorHideFlags: 0
  m_Script: {fileID: 11500000, guid: a0540968990a3894fa7013b89a80aa94, type: 3}
  m_Name: 
  m_EditorClassIdentifier: 
  speed: 150
--- !u!1 &2041146655
GameObject:
  m_ObjectHideFlags: 0
  m_CorrespondingSourceObject: {fileID: 1541562548827528, guid: b3ac6a3a58bcabe4583945f004f697ee,
    type: 2}
  m_PrefabInternal: {fileID: 0}
  serializedVersion: 6
  m_Component:
  - component: {fileID: 2041146656}
  - component: {fileID: 2041146658}
  - component: {fileID: 2041146657}
  m_Layer: 0
  m_Name: StarSparrow_Engine (1)
  m_TagString: Untagged
  m_Icon: {fileID: 0}
  m_NavMeshLayer: 0
  m_StaticEditorFlags: 0
  m_IsActive: 1
--- !u!4 &2041146656
Transform:
  m_ObjectHideFlags: 0
  m_CorrespondingSourceObject: {fileID: 4130029146842402, guid: b3ac6a3a58bcabe4583945f004f697ee,
    type: 2}
  m_PrefabInternal: {fileID: 0}
  m_GameObject: {fileID: 2041146655}
  m_LocalRotation: {x: -0, y: -0, z: -0, w: 1}
  m_LocalPosition: {x: 0.7, y: 0, z: 0.045}
  m_LocalScale: {x: 0.25, y: 0.25, z: 0.11}
  m_Children: []
  m_Father: {fileID: 1913585311}
  m_RootOrder: 1
  m_LocalEulerAnglesHint: {x: 0, y: 0, z: 0}
--- !u!23 &2041146657
MeshRenderer:
  m_ObjectHideFlags: 0
  m_CorrespondingSourceObject: {fileID: 23917668035772184, guid: b3ac6a3a58bcabe4583945f004f697ee,
    type: 2}
  m_PrefabInternal: {fileID: 0}
  m_GameObject: {fileID: 2041146655}
  m_Enabled: 1
  m_CastShadows: 1
  m_ReceiveShadows: 1
  m_DynamicOccludee: 1
  m_MotionVectors: 1
  m_LightProbeUsage: 1
  m_ReflectionProbeUsage: 1
  m_RenderingLayerMask: 4294967295
  m_Materials:
  - {fileID: 2100000, guid: 786dec18edde8a14289922c9e2d93ccd, type: 2}
  m_StaticBatchInfo:
    firstSubMesh: 0
    subMeshCount: 0
  m_StaticBatchRoot: {fileID: 0}
  m_ProbeAnchor: {fileID: 0}
  m_LightProbeVolumeOverride: {fileID: 0}
  m_ScaleInLightmap: 1
  m_PreserveUVs: 0
  m_IgnoreNormalsForChartDetection: 0
  m_ImportantGI: 0
  m_StitchLightmapSeams: 0
  m_SelectedEditorRenderState: 3
  m_MinimumChartSize: 4
  m_AutoUVMaxDistance: 0.5
  m_AutoUVMaxAngle: 89
  m_LightmapParameters: {fileID: 0}
  m_SortingLayerID: 0
  m_SortingLayer: 0
  m_SortingOrder: 0
--- !u!33 &2041146658
MeshFilter:
  m_ObjectHideFlags: 0
  m_CorrespondingSourceObject: {fileID: 33991964384864060, guid: b3ac6a3a58bcabe4583945f004f697ee,
    type: 2}
  m_PrefabInternal: {fileID: 0}
  m_GameObject: {fileID: 2041146655}
  m_Mesh: {fileID: 4300004, guid: c9b3d1ee538a9e649acda3363ad265d7, type: 3}
--- !u!1 &2056658396
GameObject:
  m_ObjectHideFlags: 0
  m_CorrespondingSourceObject: {fileID: 1001134124408482, guid: b3ac6a3a58bcabe4583945f004f697ee,
    type: 2}
  m_PrefabInternal: {fileID: 0}
  serializedVersion: 6
  m_Component:
  - component: {fileID: 2056658397}
  - component: {fileID: 2056658399}
  - component: {fileID: 2056658398}
  m_Layer: 0
  m_Name: StarSparrow_Thruster
  m_TagString: Untagged
  m_Icon: {fileID: 0}
  m_NavMeshLayer: 0
  m_StaticEditorFlags: 0
  m_IsActive: 1
--- !u!4 &2056658397
Transform:
  m_ObjectHideFlags: 0
  m_CorrespondingSourceObject: {fileID: 4244974919136594, guid: b3ac6a3a58bcabe4583945f004f697ee,
    type: 2}
  m_PrefabInternal: {fileID: 0}
  m_GameObject: {fileID: 2056658396}
  m_LocalRotation: {x: 0.000000026309008, y: -0, z: -0, w: 1}
  m_LocalPosition: {x: 0.7, y: 0, z: 0}
  m_LocalScale: {x: 0.24172, y: 0.24172, z: 0.24172}
  m_Children: []
  m_Father: {fileID: 1192781175}
  m_RootOrder: 0
  m_LocalEulerAnglesHint: {x: 0, y: 0, z: 0}
--- !u!23 &2056658398
MeshRenderer:
  m_ObjectHideFlags: 0
  m_CorrespondingSourceObject: {fileID: 23496469173511382, guid: b3ac6a3a58bcabe4583945f004f697ee,
    type: 2}
  m_PrefabInternal: {fileID: 0}
  m_GameObject: {fileID: 2056658396}
  m_Enabled: 1
  m_CastShadows: 1
  m_ReceiveShadows: 1
  m_DynamicOccludee: 1
  m_MotionVectors: 1
  m_LightProbeUsage: 1
  m_ReflectionProbeUsage: 1
  m_RenderingLayerMask: 4294967295
  m_Materials:
  - {fileID: 2100000, guid: 786dec18edde8a14289922c9e2d93ccd, type: 2}
  m_StaticBatchInfo:
    firstSubMesh: 0
    subMeshCount: 0
  m_StaticBatchRoot: {fileID: 0}
  m_ProbeAnchor: {fileID: 0}
  m_LightProbeVolumeOverride: {fileID: 0}
  m_ScaleInLightmap: 1
  m_PreserveUVs: 0
  m_IgnoreNormalsForChartDetection: 0
  m_ImportantGI: 0
  m_StitchLightmapSeams: 0
  m_SelectedEditorRenderState: 3
  m_MinimumChartSize: 4
  m_AutoUVMaxDistance: 0.5
  m_AutoUVMaxAngle: 89
  m_LightmapParameters: {fileID: 0}
  m_SortingLayerID: 0
  m_SortingLayer: 0
  m_SortingOrder: 0
--- !u!33 &2056658399
MeshFilter:
  m_ObjectHideFlags: 0
  m_CorrespondingSourceObject: {fileID: 33101976143970024, guid: b3ac6a3a58bcabe4583945f004f697ee,
    type: 2}
  m_PrefabInternal: {fileID: 0}
  m_GameObject: {fileID: 2056658396}
  m_Mesh: {fileID: 4300014, guid: c9b3d1ee538a9e649acda3363ad265d7, type: 3}
--- !u!1 &2071838540
GameObject:
  m_ObjectHideFlags: 0
  m_CorrespondingSourceObject: {fileID: 1700673804762038, guid: b3ac6a3a58bcabe4583945f004f697ee,
    type: 2}
  m_PrefabInternal: {fileID: 0}
  serializedVersion: 6
  m_Component:
  - component: {fileID: 2071838541}
  - component: {fileID: 2071838542}
  m_Layer: 0
  m_Name: Electron
  m_TagString: Untagged
  m_Icon: {fileID: 0}
  m_NavMeshLayer: 0
  m_StaticEditorFlags: 0
  m_IsActive: 1
--- !u!4 &2071838541
Transform:
  m_ObjectHideFlags: 0
  m_CorrespondingSourceObject: {fileID: 4122697397055122, guid: b3ac6a3a58bcabe4583945f004f697ee,
    type: 2}
  m_PrefabInternal: {fileID: 0}
  m_GameObject: {fileID: 2071838540}
  m_LocalRotation: {x: 0, y: -0.86602545, z: 0, w: 0.49999994}
  m_LocalPosition: {x: 0, y: 0, z: 0}
  m_LocalScale: {x: 1, y: 1, z: 1}
  m_Children:
  - {fileID: 646294185}
  - {fileID: 1402141043}
  m_Father: {fileID: 1511878063}
  m_RootOrder: 0
  m_LocalEulerAnglesHint: {x: 0, y: -120, z: 0}
--- !u!114 &2071838542
MonoBehaviour:
  m_ObjectHideFlags: 0
  m_CorrespondingSourceObject: {fileID: 0}
  m_PrefabInternal: {fileID: 0}
  m_GameObject: {fileID: 2071838540}
  m_Enabled: 1
  m_EditorHideFlags: 0
  m_Script: {fileID: 11500000, guid: a0540968990a3894fa7013b89a80aa94, type: 3}
  m_Name: 
  m_EditorClassIdentifier: 
  speed: 150
--- !u!1 &2120904685
GameObject:
  m_ObjectHideFlags: 0
  m_CorrespondingSourceObject: {fileID: 1541562548827528, guid: b3ac6a3a58bcabe4583945f004f697ee,
    type: 2}
  m_PrefabInternal: {fileID: 0}
  serializedVersion: 6
  m_Component:
  - component: {fileID: 2120904686}
  - component: {fileID: 2120904688}
  - component: {fileID: 2120904687}
  m_Layer: 0
  m_Name: StarSparrow_Engine (1)
  m_TagString: Untagged
  m_Icon: {fileID: 0}
  m_NavMeshLayer: 0
  m_StaticEditorFlags: 0
  m_IsActive: 1
--- !u!4 &2120904686
Transform:
  m_ObjectHideFlags: 0
  m_CorrespondingSourceObject: {fileID: 4130029146842402, guid: b3ac6a3a58bcabe4583945f004f697ee,
    type: 2}
  m_PrefabInternal: {fileID: 0}
  m_GameObject: {fileID: 2120904685}
  m_LocalRotation: {x: -0, y: -0, z: -0, w: 1}
  m_LocalPosition: {x: 0.7, y: 0, z: 0.045}
  m_LocalScale: {x: 0.25, y: 0.25, z: 0.11}
  m_Children: []
  m_Father: {fileID: 2030531101}
  m_RootOrder: 1
  m_LocalEulerAnglesHint: {x: 0, y: 0, z: 0}
--- !u!23 &2120904687
MeshRenderer:
  m_ObjectHideFlags: 0
  m_CorrespondingSourceObject: {fileID: 23917668035772184, guid: b3ac6a3a58bcabe4583945f004f697ee,
    type: 2}
  m_PrefabInternal: {fileID: 0}
  m_GameObject: {fileID: 2120904685}
  m_Enabled: 1
  m_CastShadows: 1
  m_ReceiveShadows: 1
  m_DynamicOccludee: 1
  m_MotionVectors: 1
  m_LightProbeUsage: 1
  m_ReflectionProbeUsage: 1
  m_RenderingLayerMask: 4294967295
  m_Materials:
  - {fileID: 2100000, guid: 786dec18edde8a14289922c9e2d93ccd, type: 2}
  m_StaticBatchInfo:
    firstSubMesh: 0
    subMeshCount: 0
  m_StaticBatchRoot: {fileID: 0}
  m_ProbeAnchor: {fileID: 0}
  m_LightProbeVolumeOverride: {fileID: 0}
  m_ScaleInLightmap: 1
  m_PreserveUVs: 0
  m_IgnoreNormalsForChartDetection: 0
  m_ImportantGI: 0
  m_StitchLightmapSeams: 0
  m_SelectedEditorRenderState: 3
  m_MinimumChartSize: 4
  m_AutoUVMaxDistance: 0.5
  m_AutoUVMaxAngle: 89
  m_LightmapParameters: {fileID: 0}
  m_SortingLayerID: 0
  m_SortingLayer: 0
  m_SortingOrder: 0
--- !u!33 &2120904688
MeshFilter:
  m_ObjectHideFlags: 0
  m_CorrespondingSourceObject: {fileID: 33991964384864060, guid: b3ac6a3a58bcabe4583945f004f697ee,
    type: 2}
  m_PrefabInternal: {fileID: 0}
  m_GameObject: {fileID: 2120904685}
  m_Mesh: {fileID: 4300004, guid: c9b3d1ee538a9e649acda3363ad265d7, type: 3}
